% Encoding: UTF-8

@Manual{alves_2001,
  title         = {Como fazer refer�nciasso},
  author        = {{ALVES, Maria Bernardete Martins; ARRUDA, Susana Margareth}},
  address       = {Florian�polis: Universidade Federal de Santa Catarina, Biblioteca Universit�ria},
  year          = {c2001},
  owner         = {roberto},
  subtitle      = {bibliogr�ficas, eletr�nicas e demais formas de documento},
  timestamp     = {2013.06.10},
  url           = {http://www.bu.ufsc.br/design/framerefer.php},
  urlaccessdate = {11 jun. 2013},
}

@MANUAL{abnt6024,
    title = {NBR 6024},
    author = {{ASSOCIA��O BRASILEIRA DE NORMAS T�CNICAS}},
    address = {Rio de Janeiro},
    year = {2012},
    subtitle = {informa��o e documenta��o: numera��o progressiva das se��es de um documento escrito: apresenta��o}
}

@MANUAL{abnt14724,
    title = {NBR 14724},
    author = {{ASSOCIA��O BRASILEIRA DE NORMAS T�CNICAS}},
    address = {Rio de Janeiro},
    year = {2011},
    pages = {11},
    subtitle = {informa��o e documenta��o: trabalhos acad�micos: apresenta��o}
}

@MANUAL{abnt10520,
    title = {NBR 10520},
    author = {{ASSOCIA��O BRASILEIRA DE NORMAS T�CNICAS}},
    address = {Rio de Janeiro},
    year = {2002},
    pages = {7},
    subtitle = {informa��o e documenta��o: cita��es em documentos: apresenta��o}
}

@MANUAL{BU_formatoA5,
    title = {Trabalho acad�mico},
    subtitle = {guia f�cil para diagrama��o: formato A5.},
    author = {{UNIVERSIDADE FEDERAL DE SANTA CATARINA. Biblioteca Universit�ria.}},
    address = {Florian�polis},
    year = {2009},
    comment = {Acesso em: 11 abr. 2013},
    owner = {roberto},
    timestamp = {2013.06.10},
    url = {http://www.bu.ufsc.br/design/GuiaRapido2012.pdf},
    urlaccessdate = {11 jun. 2013}
}

@Article{vermesan2013internet,
  author    = {Vida, João Batista and Zambolim, Laércio and Tessmann, Dauri J and Brandão Filho, J Usan T and Verzignassi, Jaqueline R and Caixeta, Marilda P},
  title     = {Manejo de doenças de plantas em cultivo protegido},
  journal   = {Fitopatologia Brasileira},
  year      = {2004},
  volume    = {29},
  number    = {4},
  pages     = {355--372},
  publisher = {SciELO Brasil},
}

@Article{de2015automaccao,
  author = {de Abreu, Cristiano Santos Pereira and Bastos, Tiago Jampietro and others},
  title  = {Automa{\c{c}}{\~a}o de abrigos de cultivo para culturas hidrop{\^o}nicas},
  year   = {2015},
}

@Article{juniorsistema,
  author = {Junior, Ronaldo Tadeu Murguero and Perez, Anderson Luiz Fernades and de Abreu, Cristiano Santos Pereira and Bastos, Tiago Jampietro and Anacleto, Vinicios Luneburger and Pozzebon, Eliane and Morales, Rafael Gustavo Ferreira},
  title  = {Sistema de Controle Fuzzy Aplicado ao Monitoramento de Abrigos de Cultivo},
  year   = {2015},
}

@Article{purquerio2006manejo,
  author  = {PURQUERIO, LUIS FELIPE VILLANI and Tivelli, SW},
  title   = {Manejo do ambiente em cultivo protegido},
  journal = {Instituto Agron{\^o}mico de Campinas IAC, Centro de Horticultura. Campinas, SP},
  year    = {2006},
}

@Article{Schallenberger2008,
  author  = {Schallenberger, Euclides and Rebelo, Jos{\'e} {\^A}ngelo and Mauch, Carlos Rog{\'e}rio and Ternes, Murito and Pegoraro, Renato Arc{\^a}ngelo},
  title   = {Comportamento de plantas de tomateiros no sistema org{\^a}nico de produ{\c{c}}{\~a}o em abrigos de cultivo com telas antiinsetos},
  journal = {Revista de Ci{\^e}ncias Agroveterin{\'a}rias},
  year    = {2008},
  volume  = {7},
  number  = {1},
  pages   = {23--29},
}

@Article{balsan2006impactos,
  author  = {Balsan, Rosane},
  title   = {IMPACTOS DECORRENTES DA MODERNIZA{\c{C}}{\~A}O DA AGRICULTURA BRASILEIRA1/DECURRENT IMPACTS OF THE AGRICULTURE MODERNIZATION IN BRAZIL},
  journal = {CAMPO-TERRIT{\'O}RIO: revista de geografia agr{\'a}ria},
  year    = {2006},
  volume  = {1},
  number  = {2},
}

@Article{marini2002desenvolvimento,
  author    = {Marini, Jose Adriano and others},
  title     = {Desenvolvimento de programa computacional para projeto de sistemas fotovoltaicos no suprimento de eletricidade a pequenas comunidades rurais},
  year      = {2002},
  publisher = {Campinas, SP},
}

@Electronic{tecnicasdeInvernadero,
  author    = {Zoilo Serrano Cerme{\~n}o},
  year      = {1989},
  title     = {Tecnicas de Invernadero},
  language  = {Espanhol},
  url       = {http://zoiloserrano.com/?product=tecnicas-de-invernadero},
  owner     = {Tiago},
  timestamp = {2015.07.09},
}

@Article{calvete2007produccao,
  author    = {Calvete, Eunice Oliveira and Nienow, Alexandre Augusto and WESP, C de L and Cestonaro, Lucas and Mariani, Franciele and Fioreze, Irineo and Cecchetti, Dileta and Castilhos, Tatiana},
  title     = {Produ{\c{c}}{\~a}o hidrop{\^o}nica de morangueiro em sistema de colunas verticais, sob cultivo protegido},
  journal   = {Revista Brasileira de Fruticultura},
  year      = {2007},
  volume    = {29},
  number    = {3},
  pages     = {524--529},
  publisher = {Sociedade Brasileira de Fruticultura},
}

@Book{chavarria2008incidencia,
  title     = {Incid{\^e}ncia de doen{\c{c}}as e necessidade de controle em cultivo protegido de videira},
  publisher = {SciELO Brasil},
  year      = {2008},
  author    = {Chavarria, GERALDO CHAVARRIA and Santos, HP dos and S{\^o}nego, Olavo Roberto and Marodin, Gilmar Ardu{\'\i}no Bettio and Bergamaschi, Homero and Cardoso, Loana Silveira},
}

@Article{chavarria2009manejo,
  author    = {Chavarria, Geraldo and Santos, Henrique Pessoa},
  title     = {Manejo de videiras sob cultivo protegido},
  journal   = {Ci{\^e}ncia Rural},
  year      = {2009},
  volume    = {39},
  number    = {6},
  publisher = {SciELO Brasil},
}

@Article{romanini2010desenvolvimento,
  author    = {Romanini, Carlos EB and Garcia, Angel P and Alvarado, Leonardo M and Cappelli, Nelson L and Umezu, Claudio K and others},
  title     = {Desenvolvimento e simula{\c{c}}{\~a}o de um sistema avan{\c{c}}ado de controle ambiental em cultivo protegido},
  journal   = {Revista Brasileira de Engenharia Agr{\'\i}cola e Ambiental},
  year      = {2010},
  publisher = {Departamento de Engenharia Agr{\'\i}cola-UFCG},
}

@Article{de2013sistema,
  author  = {de Melo J{\'u}nior, J{\'u}lio C{\'e}sar Ferreira and Gerv{\'a}sio, Eliezer Santurbano and Armindo, Robson Andr{\'e}},
  title   = {SISTEMA DE AUTOMA{\c{C}}{\~A}O PARA O MANEJO DA SUBIRRIGA{\c{C}}{\~A}O EM AMBIENTE PROTEGIDO},
  journal = {Irriga},
  year    = {2013},
  volume  = {18},
  number  = {2},
  pages   = {337},
}

@Article{santoro2011estudo,
  author    = {Santoro, Bruno de Lima},
  title     = {Estudo da din{\^a}mica da solu{\c{c}}{\~a}o do solo para o manejo da fertirriga{\c{c}}{\~a}o por gotejamento na cultura do piment{\~a}o},
  year      = {2011},
  publisher = {Universidade Federal de S{\~a}o Carlos},
}

@Article{guiselini2010manejo,
  author    = {Guiselini, Cristiane and Sentelhas, Paulo C and Pandorfi, H{\'e}liton and Holcman, Ester and others},
  title     = {Manejo da cobertura de ambientes protegidos: radia{\c{c}}{\~a}o solar e seus efeitos na produ{\c{c}}{\~a}o da g{\'e}rbera},
  journal   = {Revista Brasileira de Engenharia Agr{\'\i}cola e Ambiental},
  year      = {2010},
  volume    = {14},
  number    = {6},
  pages     = {645--652},
  publisher = {SciELO Brasil},
}

@Article{burck2006radiaccao,
  author    = {Burck, M{\'a}rkilla Zunete Beckmann1 Georgea Rita and de Paula, Duarte2 Viviane Aires and Marins, Marta Elena Gonzalez Mendez2 Roberta and Peil, Nogueira},
  title     = {Radia{\c{c}}{\~a}o solar em ambiente protegido cultivado com tomateiro nas esta{\c{c}}{\~o}es ver{\~a}o-outono do Rio Grande do Sul},
  journal   = {Ci{\^e}ncia Rural},
  year      = {2006},
  volume    = {36},
  number    = {1},
  publisher = {SciELO Brasil},
}

@InProceedings{cockshull1987integration,
  author    = {Cockshull, KE},
  title     = {The integration of plant physiology with physical changes in the greenhouse climate},
  booktitle = {Symposium on Biological Aspects of Energy Saving in Protected Cultivation 229},
  year      = {1987},
  pages     = {113--124},
}

@Article{cockshull1992influence,
  author    = {Cockshull, KE and Graves, CJ and Cave, Carol RJ},
  title     = {The influence of shading on yield of glasshouse tomatoes},
  journal   = {Journal of Horticultural Science},
  year      = {1992},
  volume    = {67},
  number    = {1},
  pages     = {11--24},
  publisher = {Taylor \& Francis},
}

@Article{kittas1999influence,
  author    = {Kittas, C and Baille, A and Giaglaras, P},
  title     = {Influence of covering material and shading on the spectral distribution of light in greenhouses},
  journal   = {Journal of Agricultural Engineering Research},
  year      = {1999},
  volume    = {73},
  number    = {4},
  pages     = {341--351},
  publisher = {Elsevier},
}

@Article{MeloJunior2013,
  author  = {de Melo J{\'u}nior, J{\'u}lio C{\'e}sar Ferreira and Gerv{\'a}sio, Eliezer Santurbano and Armindo, Robson Andr{\'e}},
  title   = {SISTEMA DE AUTOMA{\c{C}}{\~A}O PARA O MANEJO DA SUBIRRIGA{\c{C}}{\~A}O EM AMBIENTE PROTEGIDO},
  journal = {Irriga},
  year    = {2013},
  volume  = {18},
  number  = {2},
  pages   = {337},
}

@Article{kephart2003vision,
  author    = {Kephart, Jeffrey O and Chess, David M},
  title     = {The vision of autonomic computing},
  journal   = {Computer},
  year      = {2003},
  volume    = {36},
  number    = {1},
  pages     = {41--50},
  publisher = {IEEE},
}

@Book{Vermesan2014internet,
  title     = {Internet of things-from research and innovation to market deployment},
  publisher = {River Publishers},
  year      = {2014},
  author    = {Vermesan, Ovidiu and Friess, Peter},
  address   = {Aalborg, Denmark},
}

@Book{floerkemeier2008internet,
  title     = {The Internet of Things: First International Conference, IOT 2008, Zurich, Switzerland, March 26-28, 2008, Proceedings},
  publisher = {Springer},
  year      = {2008},
  author    = {Floerkemeier, Christian and Langheinrich, Marc and Fleisch, Elgar and Mattern, Friedemann and Sarma, Sanjay E},
  volume    = {4952},
}

@Article{james2014internet,
  author  = {James, Raymond and others},
  title   = {The Internet of Things: A study in Hype, Reality, Disruption, and Growth},
  journal = {Raymond James US Research, Technology \& Communications, Industry Report},
  year    = {2014},
}

@Article{atzori2010internet,
  author    = {Atzori, Luigi and Iera, Antonio and Morabito, Giacomo},
  title     = {The internet of things: A survey},
  journal   = {Computer networks},
  year      = {2010},
  volume    = {54},
  number    = {15},
  pages     = {2787--2805},
  publisher = {Elsevier},
}

@Article{want2006introduction,
  author    = {Want, Roy},
  title     = {An introduction to RFID technology},
  journal   = {IEEE Pervasive Computing},
  year      = {2006},
  volume    = {5},
  number    = {1},
  pages     = {25--33},
  publisher = {IEEE},
}

@Article{vasseur2008ip,
  author  = {Vasseur, JP and Dunkels, A},
  title   = {Ip for smart objects},
  journal = {IPSO Alliance, White paper},
  year    = {2008},
  volume  = {1},
}

@Book{comer2016redes,
  title     = {Redes de Computadores e Internet-6{\textordfeminine} Edi{\c{c}}{\~a}o},
  publisher = {Bookman Editora},
  year      = {2016},
  author    = {Comer, Douglas E},
}

@Article{fantacci2014network,
  author    = {Fantacci, Romano and Pecorella, Tommaso and Viti, Roberto and Carlini, Camillo},
  title     = {A network architecture solution for efficient IoT WSN backhauling: challenges and opportunities},
  journal   = {IEEE Wireless Communications},
  year      = {2014},
  volume    = {21},
  number    = {4},
  pages     = {113--119},
  publisher = {IEEE},
}

@Book{weber2010internet,
  title     = {Internet of Things},
  publisher = {Springer},
  year      = {2010},
  author    = {Weber, Rolf H and Weber, Romana},
  volume    = {12},
}

@Article{vermesan2013IoT,
  author  = {Vermesan, Ovidiu and Friess, Peter and Guillemin, Patrick and Sundmaeker, Harald and Eisenhauer, Markus and Moessner, Klaus and Le Gall, Franck and Cousin, Philippe},
  title   = {Internet of things strategic research and innovation agenda},
  journal = {RIVER PUBLISHERS SERIES IN COMMUNICATIONS},
  year    = {2013},
  pages   = {7},
}

@Book{friess2013internet,
  title     = {Internet of things: converging technologies for smart environments and integrated ecosystems},
  publisher = {River Publishers},
  year      = {2013},
  author    = {Friess, Peter},
  address   = {Aalborg, Denmark},
}

@Article{savitz2012gartner,
  author = {Savitz, Eric},
  title  = {Gartner: 10 Critical Tech Trends for the Next Five Years},
  year   = {2012},
}

@InProceedings{dutta2012global,
  author       = {Dutta, Soumitra and Bilbao-Osorio, Be{\~n}at},
  booktitle    = {The Global information technology report 2012: Living in a hyperconnected world},
  year         = {2012},
  address      = {Geneva, Switzerland},
  organization = {World Economic Forum},
}

@Article{juels2006rfid,
  author    = {Juels, Ari},
  title     = {RFID security and privacy: A research survey},
  journal   = {IEEE journal on selected areas in communications},
  year      = {2006},
  volume    = {24},
  number    = {2},
  pages     = {381--394},
  publisher = {IEEE},
}

@Article{gubbi2013internet,
  author    = {Gubbi, Jayavardhana and Buyya, Rajkumar and Marusic, Slaven and Palaniswami, Marimuthue},
  title     = {Internet of Things (IoT): A vision, architectural elements, and future directions},
  journal   = {Future Generation Computer Systems},
  year      = {2013},
  volume    = {29},
  number    = {7},
  pages     = {1645--1660},
  publisher = {Elsevier},
}

@Article{takaragi2001ultra,
  author    = {Takaragi, Kazuo and Usami, Mitsuo and Imura, Ryo and Itsuki, Rei and Satoh, Tsuneo},
  title     = {An ultra small individual recognition security chip},
  journal   = {IEEE micro},
  year      = {2001},
  volume    = {21},
  number    = {6},
  pages     = {43--49},
  publisher = {Citeseer},
}

@Article{computing2003architectural,
  author    = {Jeffrey Kephart},
  title     = {An architectural blueprint for autonomic computing},
  journal   = {IBM Publication},
  year      = {2003},
  timestamp = {2016-10-20},
  url       = {http://www-03.ibm.com/autonomic/pdfs/AC\%20Blueprint\%20White\%20Paper\%20V7.pdf},
}

@Article{ganek2003dawning,
  author    = {Ganek, Alan G and Corbi, Thomas A},
  title     = {The dawning of the autonomic computing era},
  journal   = {IBM systems Journal},
  year      = {2003},
  volume    = {42},
  number    = {1},
  pages     = {5--18},
  publisher = {IBM},
}

@Article{horn2001autonomic,
  author    = {Horn, Paul},
  title     = {Autonomic computing: IBM$\backslash$'s Perspective on the State of Information Technology},
  year      = {2001},
  publisher = {IBM},
}

@InCollection{parashar2005autonomic,
  author    = {Parashar, Manish and Hariri, Salim},
  title     = {Autonomic computing: An overview},
  booktitle = {Unconventional Programming Paradigms},
  publisher = {Springer},
  year      = {2005},
  pages     = {257--269},
  address   = {Berlin Heidelberg},
}

@Article{sterritt2003towards,
  author    = {Sterritt, Roy and Bustard, David W},
  title     = {Towards an autonomic computing environment},
  year      = {2003},
  publisher = {IEEE Computer Society},
}

@Article{correa2009computaccao,
  author  = {Corr{\^e}a, Sand and Cerqueira, Renato},
  title   = {Computa{\c{c}}{\~a}o aut{\^o}noma: Conceitos, infra-estruturas e solu{\c{c}}{\~o}es em sistemas distribu{\'\i}dos},
  journal = {Anais do 27o. Simp{\'o}sio Brasileiro de Redes de Computadores e Sistemas Distribu{\'\i}dos (SBRC'09)},
  year    = {2009},
  pages   = {151--198},
}

@Article{huebscher2008survey,
  author    = {Huebscher, Markus C and McCann, Julie A},
  title     = {A survey of autonomic computing-degrees, models, and applications},
  journal   = {ACM Computing Surveys (CSUR)},
  year      = {2008},
  volume    = {40},
  number    = {3},
  pages     = {7},
  publisher = {ACM},
}

@InProceedings{white2004architectural,
  author    = {White, Steve R and Hanson, James E and Whalley, Ian and Chess, David M and Kephart, Jeffrey O},
  title     = {An Architectural Approach to Autonomic Computing.},
  booktitle = {ICAC},
  year      = {2004},
  pages     = {2--9},
}

@Article{dobson2006survey,
  author    = {Dobson, Simon and Denazis, Spyros and Fern{\'a}ndez, Antonio and Ga{\"\i}ti, Dominique and Gelenbe, Erol and Massacci, Fabio and Nixon, Paddy and Saffre, Fabrice and Schmidt, Nikita and Zambonelli, Franco},
  title     = {A survey of autonomic communications},
  journal   = {ACM Transactions on Autonomous and Adaptive Systems (TAAS)},
  year      = {2006},
  volume    = {1},
  number    = {2},
  pages     = {223--259},
  publisher = {ACM},
}

@Article{telescomputaccao,
  author = {Teles, Ariel Soares and da Silva, Francisco Jos{\'e} and Silva, Zair Abdelouahab},
  title  = {Computa{\c{c}}{\~a}o Auton{\^o}mica aplicada a Seguran{\c{c}}a de Redes},
  year   = {2011},
}

@Article{Calvete2007,
  author          = {Calvete, Eunice Oliveira and Nienow, Alexandre Augusto and Wesp, Cristiane De Lima and Cestonaro, Lucas and Mariani, Franciele and Fioreze, Irineo and Cecchetti, Dileta and Castilhos, Tatiana},
  title           = {{Produ{\c{c}}{\~{a}}o hidrop{\^{o}}nica de morangueiro em sistema de colunas verticais, sob cultivo protegido}},
  journal         = {Revista Brasileira de Fruticultura},
  year            = {2007},
  volume          = {29},
  number          = {3},
  pages           = {524--529},
  doi             = {10.1590/S0100-29452007000300022},
  file            = {:C$\backslash$:/Users/valte/Documents/Faculdade/TCC/TCC/abrigo de cultivo/Producao{\_}hidroponica{\_}de{\_}morangueiro{\_}em{\_}sistema{\_}de{\_}.pdf:pdf},
  issn            = {0100-2945},
  mendeley-groups = {Abrigo de cultivo},
}

@Article{north1968tutorial,
  author    = {North, D Warnerudy},
  title     = {A tutorial introduction to decision theory},
  journal   = {IEEE Transactions on systems science and cybernetics},
  year      = {1968},
  volume    = {4},
  number    = {3},
  pages     = {200--210},
  publisher = {IEEE},
}

@Article{Dobson2006,
  author    = {Dobson, Simon and Denazis, Spyros and Fern{\'a}ndez, Antonio and Ga{\"\i}ti, Dominique and Gelenbe, Erol and Massacci, Fabio and Nixon, Paddy and Saffre, Fabrice and Schmidt, Nikita and Zambonelli, Franco},
  title     = {A survey of autonomic communications},
  journal   = {ACM Transactions on Autonomous and Adaptive Systems (TAAS)},
  year      = {2006},
  volume    = {1},
  number    = {2},
  pages     = {223--259},
  publisher = {ACM},
}

@InProceedings{rosa2006policy,
  author       = {Rosa, Liliana and Lopes, Ant{\'o}nia and Rodrigues, Luis},
  title        = {Policy-driven adaptation of protocol stacks},
  booktitle    = {International Conference on Autonomic and Autonomous Systems (ICAS'06)},
  year         = {2006},
  pages        = {5--5},
  address      = {IEEE},
  organization = {IEEE},
  doi          = {10.1109/ICAS.2006.43},
}

@TechReport{kopiler2007introduccao,
  author      = {Kopiler, Alberto A},
  title       = {Introdu{\c{c}}{\~a}o {\`a} Computa{\c{c}}{\~a}o Circulat{\'o}ria},
  institution = {Technical Report, May, COPPE/UFRJ},
  year        = {2007},
  address     = {Technical Report, May, COPPE/UFRJ},
}

@Article{lopes2007doenccas,
  author    = {Lopes, CA and Reis, A},
  title     = {Doen{\c{c}}as do tomateiro cultivado em ambiente protegido.},
  journal   = {Embrapa Hortali{\c{c}}as. Circular T{\'e}cnica},
  year      = {2007},
  publisher = {Bras{\'\i}lia, DF: Embrapa Hortali{\c{c}}as.},
}

@Article{junior2011estufas,
  author  = {JUNIOR, BLISKA},
  title   = {Estufas e Casas de Vegeta{\c{c}}{\~a}o},
  journal = {Revista casa da agricultura},
  year    = {2011},
  volume  = {14},
  number  = {2},
  pages   = {01--22},
}

@Article{junior2016avaliaccao,
  author = {Junior, Murguero and Tadeu, Ronaldo and others},
  title  = {Avalia{\c{c}}{\~a}o de um sistema de controle aut{\^o}nomo para o monitoramento de abrigos de cultivo},
  year   = {2016},
}

@Book{uzochukwu2015proceedings,
  title     = {Proceedings of the 2013 National Conference on Advances in Environmental Science and Technology},
  publisher = {Springer},
  year      = {2015},
  author    = {Uzochukwu, Godfrey A and Schimmel, Keith and Kabadi, Vinayak and Chang, Shoou-Yuh and Pinder, Tanya and Ibrahim, Salam A},
  address   = {Greensboro, EUA},
}

@InProceedings{agrawal2011internet,
  author       = {Agrawal, Sarita and Das, Manik Lal},
  title        = {Internet of Things—A paradigm shift of future Internet applications},
  booktitle    = {2011 Nirma University International Conference on Engineering},
  year         = {2011},
  pages        = {1--7},
  organization = {IEEE},
}

@Article{ning2011future,
  author    = {Ning, Huansheng and Wang, Ziou},
  title     = {Future internet of things architecture: like mankind neural system or social organization framework?},
  journal   = {IEEE Communications Letters},
  year      = {2011},
  volume    = {15},
  number    = {4},
  pages     = {461--463},
  publisher = {IEEE},
}

@InProceedings{marangoni2014automaccao,
  author    = {Marangoni, Vinicius Henrique and de Souza, Paulo S{\'e}rgio and Moreira, Heber Rocha},
  title     = {AUTOMA{\c{C}}{\~A}O DE ESTUFAS AGR{\'I}COLAS UTILIZANDO SENSORES E ARDUINO},
  booktitle = {6{\textordfeminine} Jornada Cient{\'\i}fica e Tecnol{\'o}gica 3{\textordmasculine} Simp{\'o}sio da P{\'o}s-Gradua{\c{c}}{\~a}o},
  year      = {2014},
  address   = {Pouso Alegre, MG, Brasil},
  publisher = {IFSULDEMINAS},
}

@Article{chermontautomaccao,
  author = {CHERMONT, MARLON GRIPP and FILHO, MIGUEL DOS SANTOS ALVES and CANOVAS, SERGIO ROBERTO DE MELLO and CUGNASCA, CARLOS EDUARDO},
  title  = {AUTOMA{\c{C}}{\~A}O PREDIAL APLICADA EM ESTUFAS},
}

@TechReport{macedocomputaccao,
  author      = {Macedo, Daniel Fernandes},
  title       = {{Computa{\c{c}}{\~{a}}o Auton{\^{o}}mica}},
  institution = {Technical Report, UFMG},
  year        = {2012},
  number      = {001},
  address     = {Technical Report, UFMG},
}

@Article{stankovic2014research,
  author    = {Stankovic, John A},
  title     = {Research directions for the internet of things},
  journal   = {IEEE Internet of Things Journal},
  year      = {2014},
  volume    = {1},
  number    = {1},
  pages     = {3--9},
  publisher = {IEEE},
}

@InCollection{uckelmann2011architectural,
  author    = {Uckelmann, Dieter and Harrison, Mark and Michahelles, Florian},
  title     = {An architectural approach towards the future internet of things},
  booktitle = {Architecting the internet of things},
  publisher = {Springer},
  year      = {2011},
  pages     = {1--24},
}

@Article{al2015internet,
  author    = {Al-Fuqaha, Ala and Guizani, Mohsen and Mohammadi, Mehdi and Aledhari, Mohammed and Ayyash, Moussa},
  title     = {Internet of things: A survey on enabling technologies, protocols, and applications},
  journal   = {IEEE Communications Surveys \& Tutorials},
  year      = {2015},
  volume    = {17},
  number    = {4},
  pages     = {2347--2376},
  publisher = {IEEE},
}

@Article{Karimi2013,
  author   = {Karimi, Dary Atkinson; Kaivan},
  title    = {{What the Internet of Things (IoT) Needs to Become a Reality}},
  journal  = {Freescale White Paper},
  year     = {2013},
  pages    = {16},
  abstract = {We're entering a new era of computing technology that many are calling the Internet of Things (IoT). Machine to machine, machine to infrastructure, machine to environment, the Internet of Everything, the Internet of Intelligent Things, intelligent systems—call it what you want, but it's happening, and its potential is huge. We see the IoT as billions of smart, connected “things” (a sort of “universal global neural network” in the cloud) that will encompass every aspect of our lives, and its foundation is the intelligence that embedded processing provides. The IoT is comprised of smart machines interacting and communicating with other machines, objects, environments and infrastructures. As a result, huge volumes of data are being generated, and that data is being processed into useful actions that can “command and control” things to make our lives much easier and safer—and to reduce our impact on the environment. The creativity of this new era is boundless, with amazing potential to improve our lives. What does the IoT need to become a reality? In this white paper, Freescale and ARM partner to answer that question.},
  file     = {:C$\backslash$:/Users/valte/Documents/Faculdade/TCC/TCC/IoT/what {\`{I}}oT needs to  became true.PDF:PDF},
  keywords = {Dary Atkinson,Kaivan Karimi},
  url      = {http://www.freescale.com/files/32bit/doc/white{\_}paper/INTOTHNGSWP.pdf},
}

@InProceedings{yang2011study,
  author       = {Yang, Zhihong and Yue, Yingzhao and Yang, Yu and Peng, Yufeng and Wang, Xiaobo and Liu, Wenji},
  title        = {Study and application on the architecture and key technologies for IOT},
  booktitle    = {Multimedia Technology (ICMT), 2011 International Conference on},
  year         = {2011},
  pages        = {747--751},
  address      = {Tai Yuan, China},
  organization = {IEEE},
}

@InProceedings{yun2010research,
  author       = {Yun, Miao and Yuxin, Bu},
  title        = {Research on the architecture and key technology of Internet of Things (IoT) applied on smart grid},
  booktitle    = {Advances in Energy Engineering (ICAEE), 2010 International Conference on},
  year         = {2010},
  pages        = {69--72},
  address      = {Beijing},
  organization = {IEEE},
}

@InProceedings{khan2012future,
  author       = {Khan, Rafiullah and Khan, Sarmad Ullah and Zaheer, Rifaqat and Khan, Shahid},
  title        = {Future internet: the internet of things architecture, possible applications and key challenges},
  booktitle    = {Frontiers of Information Technology (FIT), 2012 10th International Conference on},
  year         = {2012},
  pages        = {257--260},
  address      = {Islamabad, Pakistan},
  organization = {IEEE},
}

@TechReport{kushalnagar2007ipv6,
  author      = {Kushalnagar, Nandakishore and Montenegro, Gabriel and Schumacher, Christian},
  title       = {IPv6 over low-power wireless personal area networks (6LoWPANs): overview, assumptions, problem statement, and goals},
  institution = {Technical Report, Microsoft Corporation},
  year        = {2007},
  address     = {Microsoft Corporation},
}

@TechReport{montenegro2007transmission,
  author  = {Montenegro, G. and Kushalnagar, N. and Hui, J. and Culler, D.},
  title   = {{Transmission of IPv6 Packets over IEEE 802.15.4 Networks}},
  year    = {2007},
  address = {Microsoft Corporation},
  month   = {sep},
  doi     = {10.17487/rfc4944},
  pages   = {1--30},
  url     = {https://www.rfc-editor.org/info/rfc4944},
}

@Article{koshizuka2010ubiquitous,
  author  = {Koshizuka, Noboru and Sakamura, Ken},
  title   = {Ubiquitous ID: standards for ubiquitous computing and the Internet of Things},
  journal = {IEEE Pervasive Computing},
  year    = {2010},
  volume  = {4},
  number  = {9},
  pages   = {98--101},
}

@Article{barnaghi2012semantics,
  author    = {Barnaghi, Payam and Wang, Wei and Henson, Cory and Taylor, Kerry},
  title     = {Semantics for the Internet of Things: early progress and back to the future},
  journal   = {International Journal on Semantic Web and Information Systems (IJSWIS)},
  year      = {2012},
  volume    = {8},
  number    = {1},
  pages     = {1--21},
  publisher = {IGI Global},
}

@Article{ashton2009internet,
  author  = {Ashton, Kevin},
  title   = {That ``internet of things" thing},
  journal = {RFiD Journal},
  year    = {2009},
  volume  = {22},
  number  = {7},
  pages   = {97--114},
}

@Article{Abrah2014,
  author          = {Abrah, Por Bruna and Rodrigues, Amanda and Pagiuca, Larissa Gui},
  title           = {Cultivo Protegido},
  journal         = {Cepea - Esalq/Usp},
  year            = {2014},
  pages           = {38},
  file            = {:C$\backslash$:/Users/valte/Documents/Faculdade/TCC/TCC/abrigo de cultivo/mat{\_}capa.pdf:pdf},
  mendeley-groups = {Abrigo de cultivo},
  url             = {http://www.cepea.esalq.usp.br/hfbrasil/edicoes/132/full.pdf},
}

@Article{Nunes2015,
  author          = {Nunes, David Sousa and Zhang, Pei and Silva, Jorge S{\'{a}}},
  title           = {{A Survey on Human-in-the-Loop Applications Towards an Internet of All}},
  year            = {2015},
  volume          = {17},
  number          = {2},
  pages           = {944--965},
  file            = {:C$\backslash$:/Users/valte/Documents/Faculdade/TCC/TCC/IoT/refe.pdf:pdf},
  mendeley-groups = {Abrigo de cultivo},
}

@Comment{jabref-meta: databaseType:bibtex;}
